@mvbook{Landau,
  author 	= {Ландау, Лев Давидович and Лифшиц, Евгений Михайлович},
  title 	= {Теоретическая физика},
  subtitle	= {Учебное пособие},
  volumes 	= {10},
  langid	= {russian}
}

@book{Landau1,
  author 	= {Ландау, Лев Давидович and Лифшиц, Евгений Михайлович},
  title 	= {Механика},
  volume 	= {1},
  year 		= {1988},
  publisher	= {Наука. Гл. ред. физ.-мат. лит.},
  location	= {Москва}, 
  edition	= {4-е изд., испр.},
  langid	= {russian},  
  isbn		= {5-02-013850-9},
  pagetotal	= {216},
  crossref	= {Landau}
}



